@misc{Sellers,
  author       = {Graham Sellers, John Kessenich, Dave Shreiner},
  url =     {https://www.amazon.com/OpenGL-Programming-Guide-Official-Learning/dp/0134495497},
  title        = {{OpenGL Programming Guide}},
  year         = {2016}
}

@misc{Vries,
  author       = {Joey de Vries},
  url =     {https://www.amazon.com/Learn-OpenGL-programming-step-step/dp/9090332561},
  title        = {{Learn OpenGL}},
  year         = {2020}
}

@misc{Stevens,
  author       = {Eli Stevens, Luca Antiga, Thomas Viehmann},
  url =     {https://www.amazon.com/Deep-Learning-PyTorch-Eli-Stevens/dp/1617295264},
  title        = {{Deep Learning with PyTorch}},
  year         = {2020}
}